
{"e":"ORDER_TRADE_UPDATE","T":1607488509470,"E":1607488509476,"o":{"s":"XRPUSDT","c":"android_pJ9zVspqIGP1YhpP8qxU","S":"BUY","o":"LIMIT","f":"GTC","q":"1215.3","p":"0.4566","ap":"0","sp":"0","x":"NEW","X":"NEW","i":9923340566,"l":"0","z":"0","L":"0","T":1607488509470,"t":0,"b":"554.90598","a":"0","m":false,"R":false,"wt":"CONTRACT_PRICE","ot":"LIMIT","ps":"BOTH","cp":false,"rp":"0","pP":false,"si":0,"ss":0}}

{"e":"ORDER_TRADE_UPDATE","T":1607488525296,"E":1607488525302,"o":{"s":"XRPUSDT","c":"android_pJ9zVspqIGP1YhpP8qxU","S":"BUY","o":"LIMIT","f":"GTC","q":"1215.3","p":"0.4566","ap":"0","sp":"0","x":"CANCELED","X":"CANCELED","i":9923340566,"l":"0","z":"0","L":"0","T":1607488525296,"t":0,"b":"0","a":"0","m":false,"R":false,"wt":"CONTRACT_PRICE","ot":"LIMIT","ps":"BOTH","cp":false,"rp":"0","pP":false,"si":0,"ss":0}}

{"e":"ORDER_TRADE_UPDATE","T":1607488938142,"E":1607488938147,"o":{"s":"XRPUSDT","c":"android_XAKtXJbzC6atXfK2i0V0","S":"BUY","o":"LIMIT","f":"GTC","q":"999.1","p":"0.5552","ap":"0","sp":"0","x":"NEW","X":"NEW","i":9923386859,"l":"0","z":"0","L":"0","T":1607488938142,"t":0,"b":"554.70032","a":"0","m":false,"R":false,"wt":"CONTRACT_PRICE","ot":"LIMIT","ps":"BOTH","cp":false,"rp":"0","pP":false,"si":0,"ss":0}}

{"e":"ACCOUNT_UPDATE","T":1607488962286,"E":1607488962291,"a":{"B":[{"a":"USDT","wb":"443.94552744","cw":"333.00546344"},{"a":"BNB","wb":"1.13341029","cw":"0"}],"P":[{"s":"XRPUSDT","pa":"999.1","ep":"0.55520","cr":"2.08773001","up":"0.09991000","mt":"isolated","iw":"110.94006400","ps":"BOTH","ma":"USDT"}],"m":"ORDER"}}

{"e":"ORDER_TRADE_UPDATE","T":1607488962286,"E":1607488962291,"o":{"s":"XRPUSDT","c":"android_XAKtXJbzC6atXfK2i0V0","S":"BUY","o":"LIMIT","f":"GTC","q":"999.1","p":"0.5552","ap":"0.55520","sp":"0","x":"TRADE","X":"FILLED","i":9923386859,"l":"999.1","z":"999.1","L":"0.5552","n":"0.00361146","N":"BNB","T":1607488962286,"t":91205355,"b":"0","a":"0","m":true,"R":false,"wt":"CONTRACT_PRICE","ot":"LIMIT","ps":"BOTH","cp":false,"rp":"0","pP":false,"si":0,"ss":0}}

{"e":"ORDER_TRADE_UPDATE","T":1607489015833,"E":1607489015837,"o":{"s":"XRPUSDT","c":"android_Y8OwAY778sHBEEcHbBVD","S":"SELL","o":"MARKET","f":"GTC","q":"999.1","p":"0","ap":"0","sp":"0","x":"NEW","X":"NEW","i":9923395628,"l":"0","z":"0","L":"0","T":1607489015833,"t":0,"b":"0","a":"0","m":false,"R":true,"wt":"CONTRACT_PRICE","ot":"MARKET","ps":"BOTH","cp":false,"rp":"0","pP":false,"si":0,"ss":0}}

{"e":"ACCOUNT_UPDATE","T":1607489015833,"E":1607489015837,"a":{"B":[{"a":"USDT","wb":"443.72662744","cw":"381.39987544"},{"a":"BNB","wb":"1.13024852","cw":"0"}],"P":[{"s":"XRPUSDT","pa":"561.3","ep":"0.55520","cr":"1.86883001","up":"-0.19839148","mt":"isolated","iw":"62.32675200","ps":"BOTH","ma":"USDT"}],"m":"ORDER"}}

{"e":"ORDER_TRADE_UPDATE","T":1607489015833,"E":1607489015837,"o":{"s":"XRPUSDT","c":"android_Y8OwAY778sHBEEcHbBVD","S":"SELL","o":"MARKET","f":"GTC","q":"999.1","p":"0","ap":"0.55470","sp":"0","x":"TRADE","X":"PARTIALLY_FILLED","i":9923395628,"l":"437.8","z":"437.8","L":"0.5547","n":"0.00316177","N":"BNB","T":1607489015833,"t":91205685,"b":"0","a":"0","m":false,"R":true,"wt":"CONTRACT_PRICE","ot":"MARKET","ps":"BOTH","cp":false,"rp":"-0.21890000","pP":false,"si":0,"ss":0}}

{"e":"ACCOUNT_UPDATE","T":1607489015833,"E":1607489015837,"a":{"B":[{"a":"USDT","wb":"443.72652744","cw":"381.42198344"},{"a":"BNB","wb":"1.13024708","cw":"0"}],"P":[{"s":"XRPUSDT","pa":"561.1","ep":"0.55520","cr":"1.86873001","up":"-0.19832079","mt":"isolated","iw":"62.30454400","ps":"BOTH","ma":"USDT"}],"m":"ORDER"}}

{"e":"ORDER_TRADE_UPDATE","T":1607489015833,"E":1607489015837,"o":{"s":"XRPUSDT","c":"android_Y8OwAY778sHBEEcHbBVD","S":"SELL","o":"MARKET","f":"GTC","q":"999.1","p":"0","ap":"0.55470","sp":"0","x":"TRADE","X":"PARTIALLY_FILLED","i":9923395628,"l":"0.2","z":"438","L":"0.5547","n":"0.00000144","N":"BNB","T":1607489015833,"t":91205686,"b":"0","a":"0","m":false,"R":true,"wt":"CONTRACT_PRICE","ot":"MARKET","ps":"BOTH","cp":false,"rp":"-0.00010000","pP":false,"si":0,"ss":0}}

{"e":"ACCOUNT_UPDATE","T":1607489015833,"E":1607489015837,"a":{"B":[{"a":"USDT","wb":"443.58462744","cw":"407.54104344"},{"a":"BNB","wb":"1.12853940","cw":"0"}],"P":[{"s":"XRPUSDT","pa":"324.6","ep":"0.55520","cr":"1.72683001","up":"-0.11472987","mt":"isolated","iw":"36.04358400","ps":"BOTH","ma":"USDT"}],"m":"ORDER"}}

{"e":"ORDER_TRADE_UPDATE","T":1607489015833,"E":1607489015837,"o":{"s":"XRPUSDT","c":"android_Y8OwAY778sHBEEcHbBVD","S":"SELL","o":"MARKET","f":"GTC","q":"999.1","p":"0","ap":"0.55466","sp":"0","x":"TRADE","X":"PARTIALLY_FILLED","i":9923395628,"l":"236.5","z":"674.5","L":"0.5546","n":"0.00170768","N":"BNB","T":1607489015833,"t":91205687,"b":"0","a":"0","m":false,"R":true,"wt":"CONTRACT_PRICE","ot":"MARKET","ps":"BOTH","cp":false,"rp":"-0.14190000","pP":false,"si":0,"ss":0}}

{"e":"ACCOUNT_UPDATE","T":1607489015833,"E":1607489015837,"a":{"B":[{"a":"USDT","wb":"443.58450744","cw":"407.56313144"},{"a":"BNB","wb":"1.12853796","cw":"0"}],"P":[{"s":"XRPUSDT","pa":"324.4","ep":"0.55520","cr":"1.72671001","up":"-0.11465918","mt":"isolated","iw":"36.02137600","ps":"BOTH","ma":"USDT"}],"m":"ORDER"}}

{"e":"ORDER_TRADE_UPDATE","T":1607489015833,"E":1607489015837,"o":{"s":"XRPUSDT","c":"android_Y8OwAY778sHBEEcHbBVD","S":"SELL","o":"MARKET","f":"GTC","q":"999.1","p":"0","ap":"0.55466","sp":"0","x":"TRADE","X":"PARTIALLY_FILLED","i":9923395628,"l":"0.2","z":"674.7","L":"0.5546","n":"0.00000144","N":"BNB","T":1607489015833,"t":91205688,"b":"0","a":"0","m":false,"R":true,"wt":"CONTRACT_PRICE","ot":"MARKET","ps":"BOTH","cp":false,"rp":"-0.00012000","pP":false,"si":0,"ss":0}}

{"e":"ACCOUNT_UPDATE","T":1607489015833,"E":1607489015837,"a":{"B":[{"a":"USDT","wb":"443.58438744","cw":"407.58521944"},{"a":"BNB","wb":"1.12853652","cw":"0"}],"P":[{"s":"XRPUSDT","pa":"324.2","ep":"0.55520","cr":"1.72659001","up":"-0.11458849","mt":"isolated","iw":"35.99916800","ps":"BOTH","ma":"USDT"}],"m":"ORDER"}}

{"e":"ORDER_TRADE_UPDATE","T":1607489015833,"E":1607489015837,"o":{"s":"XRPUSDT","c":"android_Y8OwAY778sHBEEcHbBVD","S":"SELL","o":"MARKET","f":"GTC","q":"999.1","p":"0","ap":"0.55466","sp":"0","x":"TRADE","X":"PARTIALLY_FILLED","i":9923395628,"l":"0.2","z":"674.9","L":"0.5546","n":"0.00000144","N":"BNB","T":1607489015833,"t":91205689,"b":"0","a":"0","m":false,"R":true,"wt":"CONTRACT_PRICE","ot":"MARKET","ps":"BOTH","cp":false,"rp":"-0.00012000","pP":false,"si":0,"ss":0}}

{"e":"ACCOUNT_UPDATE","T":1607489015833,"E":1607489015837,"a":{"B":[{"a":"USDT","wb":"443.58426744","cw":"407.60730744"},{"a":"BNB","wb":"1.12853508","cw":"0"}],"P":[{"s":"XRPUSDT","pa":"324","ep":"0.55520","cr":"1.72647001","up":"-0.11451780","mt":"isolated","iw":"35.97696000","ps":"BOTH","ma":"USDT"}],"m":"ORDER"}}

{"e":"ORDER_TRADE_UPDATE","T":1607489015833,"E":1607489015837,"o":{"s":"XRPUSDT","c":"android_Y8OwAY778sHBEEcHbBVD","S":"SELL","o":"MARKET","f":"GTC","q":"999.1","p":"0","ap":"0.55466","sp":"0","x":"TRADE","X":"PARTIALLY_FILLED","i":9923395628,"l":"0.2","z":"675.1","L":"0.5546","n":"0.00000144","N":"BNB","T":1607489015833,"t":91205690,"b":"0","a":"0","m":false,"R":true,"wt":"CONTRACT_PRICE","ot":"MARKET","ps":"BOTH","cp":false,"rp":"-0.00012000","pP":false,"si":0,"ss":0}}

{"e":"ACCOUNT_UPDATE","T":1607489015833,"E":1607489015837,"a":{"B":[{"a":"USDT","wb":"443.58414744","cw":"407.62939544"},{"a":"BNB","wb":"1.12853364","cw":"0"}],"P":[{"s":"XRPUSDT","pa":"323.8","ep":"0.55520","cr":"1.72635001","up":"-0.11444711","mt":"isolated","iw":"35.95475200","ps":"BOTH","ma":"USDT"}],"m":"ORDER"}}

{"e":"ORDER_TRADE_UPDATE","T":1607489015833,"E":1607489015837,"o":{"s":"XRPUSDT","c":"android_Y8OwAY778sHBEEcHbBVD","S":"SELL","o":"MARKET","f":"GTC","q":"999.1","p":"0","ap":"0.55466","sp":"0","x":"TRADE","X":"PARTIALLY_FILLED","i":9923395628,"l":"0.2","z":"675.3","L":"0.5546","n":"0.00000144","N":"BNB","T":1607489015833,"t":91205691,"b":"0","a":"0","m":false,"R":true,"wt":"CONTRACT_PRICE","ot":"MARKET","ps":"BOTH","cp":false,"rp":"-0.00012000","pP":false,"si":0,"ss":0}}

{"e":"ACCOUNT_UPDATE","T":1607489015833,"E":1607489015837,"a":{"B":[{"a":"USDT","wb":"443.58402744","cw":"407.65148344"},{"a":"BNB","wb":"1.12853220","cw":"0"}],"P":[{"s":"XRPUSDT","pa":"323.6","ep":"0.55520","cr":"1.72623001","up":"-0.11437642","mt":"isolated","iw":"35.93254400","ps":"BOTH","ma":"USDT"}],"m":"ORDER"}}

{"e":"ORDER_TRADE_UPDATE","T":1607489015833,"E":1607489015837,"o":{"s":"XRPUSDT","c":"android_Y8OwAY778sHBEEcHbBVD","S":"SELL","o":"MARKET","f":"GTC","q":"999.1","p":"0","ap":"0.55466","sp":"0","x":"TRADE","X":"PARTIALLY_FILLED","i":9923395628,"l":"0.2","z":"675.5","L":"0.5546","n":"0.00000144","N":"BNB","T":1607489015833,"t":91205692,"b":"0","a":"0","m":false,"R":true,"wt":"CONTRACT_PRICE","ot":"MARKET","ps":"BOTH","cp":false,"rp":"-0.00012000","pP":false,"si":0,"ss":0}}

{"e":"ACCOUNT_UPDATE","T":1607489015833,"E":1607489015837,"a":{"B":[{"a":"USDT","wb":"443.58390744","cw":"407.67357144"},{"a":"BNB","wb":"1.12853076","cw":"0"}],"P":[{"s":"XRPUSDT","pa":"323.4","ep":"0.55520","cr":"1.72611001","up":"-0.11430573","mt":"isolated","iw":"35.91033600","ps":"BOTH","ma":"USDT"}],"m":"ORDER"}}

{"e":"ORDER_TRADE_UPDATE","T":1607489015833,"E":1607489015837,"o":{"s":"XRPUSDT","c":"android_Y8OwAY778sHBEEcHbBVD","S":"SELL","o":"MARKET","f":"GTC","q":"999.1","p":"0","ap":"0.55466","sp":"0","x":"TRADE","X":"PARTIALLY_FILLED","i":9923395628,"l":"0.2","z":"675.7","L":"0.5546","n":"0.00000144","N":"BNB","T":1607489015833,"t":91205693,"b":"0","a":"0","m":false,"R":true,"wt":"CONTRACT_PRICE","ot":"MARKET","ps":"BOTH","cp":false,"rp":"-0.00012000","pP":false,"si":0,"ss":0}}

{"e":"ACCOUNT_UPDATE","T":1607489015833,"E":1607489015837,"a":{"B":[{"a":"USDT","wb":"443.58378744","cw":"407.69565944"},{"a":"BNB","wb":"1.12852932","cw":"0"}],"P":[{"s":"XRPUSDT","pa":"323.2","ep":"0.55520","cr":"1.72599001","up":"-0.11423504","mt":"isolated","iw":"35.88812800","ps":"BOTH","ma":"USDT"}],"m":"ORDER"}}

{"e":"ORDER_TRADE_UPDATE","T":1607489015833,"E":1607489015837,"o":{"s":"XRPUSDT","c":"android_Y8OwAY778sHBEEcHbBVD","S":"SELL","o":"MARKET","f":"GTC","q":"999.1","p":"0","ap":"0.55466","sp":"0","x":"TRADE","X":"PARTIALLY_FILLED","i":9923395628,"l":"0.2","z":"675.9","L":"0.5546","n":"0.00000144","N":"BNB","T":1607489015833,"t":91205694,"b":"0","a":"0","m":false,"R":true,"wt":"CONTRACT_PRICE","ot":"MARKET","ps":"BOTH","cp":false,"rp":"-0.00012000","pP":false,"si":0,"ss":0}}

{"e":"ACCOUNT_UPDATE","T":1607489015833,"E":1607489015837,"a":{"B":[{"a":"USDT","wb":"443.58366744","cw":"407.71774744"},{"a":"BNB","wb":"1.12852788","cw":"0"}],"P":[{"s":"XRPUSDT","pa":"323","ep":"0.55520","cr":"1.72587001","up":"-0.11416435","mt":"isolated","iw":"35.86592000","ps":"BOTH","ma":"USDT"}],"m":"ORDER"}}

{"e":"ORDER_TRADE_UPDATE","T":1607489015833,"E":1607489015837,"o":{"s":"XRPUSDT","c":"android_Y8OwAY778sHBEEcHbBVD","S":"SELL","o":"MARKET","f":"GTC","q":"999.1","p":"0","ap":"0.55466","sp":"0","x":"TRADE","X":"PARTIALLY_FILLED","i":9923395628,"l":"0.2","z":"676.1","L":"0.5546","n":"0.00000144","N":"BNB","T":1607489015833,"t":91205695,"b":"0","a":"0","m":false,"R":true,"wt":"CONTRACT_PRICE","ot":"MARKET","ps":"BOTH","cp":false,"rp":"-0.00012000","pP":false,"si":0,"ss":0}}

{"e":"ACCOUNT_UPDATE","T":1607489015833,"E":1607489015837,"a":{"B":[{"a":"USDT","wb":"443.58354744","cw":"407.73983544"},{"a":"BNB","wb":"1.12852644","cw":"0"}],"P":[{"s":"XRPUSDT","pa":"322.8","ep":"0.55520","cr":"1.72575001","up":"-0.11409366","mt":"isolated","iw":"35.84371200","ps":"BOTH","ma":"USDT"}],"m":"ORDER"}}

{"e":"ORDER_TRADE_UPDATE","T":1607489015833,"E":1607489015837,"o":{"s":"XRPUSDT","c":"android_Y8OwAY778sHBEEcHbBVD","S":"SELL","o":"MARKET","f":"GTC","q":"999.1","p":"0","ap":"0.55466","sp":"0","x":"TRADE","X":"PARTIALLY_FILLED","i":9923395628,"l":"0.2","z":"676.3","L":"0.5546","n":"0.00000144","N":"BNB","T":1607489015833,"t":91205696,"b":"0","a":"0","m":false,"R":true,"wt":"CONTRACT_PRICE","ot":"MARKET","ps":"BOTH","cp":false,"rp":"-0.00012000","pP":false,"si":0,"ss":0}}

{"e":"ACCOUNT_UPDATE","T":1607489015833,"E":1607489015837,"a":{"B":[{"a":"USDT","wb":"443.58342744","cw":"407.76192344"},{"a":"BNB","wb":"1.12852500","cw":"0"}],"P":[{"s":"XRPUSDT","pa":"322.6","ep":"0.55520","cr":"1.72563001","up":"-0.11402297","mt":"isolated","iw":"35.82150400","ps":"BOTH","ma":"USDT"}],"m":"ORDER"}}

{"e":"ORDER_TRADE_UPDATE","T":1607489015833,"E":1607489015837,"o":{"s":"XRPUSDT","c":"android_Y8OwAY778sHBEEcHbBVD","S":"SELL","o":"MARKET","f":"GTC","q":"999.1","p":"0","ap":"0.55466","sp":"0","x":"TRADE","X":"PARTIALLY_FILLED","i":9923395628,"l":"0.2","z":"676.5","L":"0.5546","n":"0.00000144","N":"BNB","T":1607489015833,"t":91205697,"b":"0","a":"0","m":false,"R":true,"wt":"CONTRACT_PRICE","ot":"MARKET","ps":"BOTH","cp":false,"rp":"-0.00012000","pP":false,"si":0,"ss":0}}

{"e":"ACCOUNT_UPDATE","T":1607489015833,"E":1607489015839,"a":{"B":[{"a":"USDT","wb":"443.58330744","cw":"407.78401144"},{"a":"BNB","wb":"1.12852356","cw":"0"}],"P":[{"s":"XRPUSDT","pa":"322.4","ep":"0.55520","cr":"1.72551001","up":"-0.11395228","mt":"isolated","iw":"35.79929600","ps":"BOTH","ma":"USDT"}],"m":"ORDER"}}

{"e":"ORDER_TRADE_UPDATE","T":1607489015833,"E":1607489015839,"o":{"s":"XRPUSDT","c":"android_Y8OwAY778sHBEEcHbBVD","S":"SELL","o":"MARKET","f":"GTC","q":"999.1","p":"0","ap":"0.55466","sp":"0","x":"TRADE","X":"PARTIALLY_FILLED","i":9923395628,"l":"0.2","z":"676.7","L":"0.5546","n":"0.00000144","N":"BNB","T":1607489015833,"t":91205698,"b":"0","a":"0","m":false,"R":true,"wt":"CONTRACT_PRICE","ot":"MARKET","ps":"BOTH","cp":false,"rp":"-0.00012000","pP":false,"si":0,"ss":0}}

{"e":"ACCOUNT_UPDATE","T":1607489015833,"E":1607489015839,"a":{"B":[{"a":"USDT","wb":"443.58318744","cw":"407.80609944"},{"a":"BNB","wb":"1.12852212","cw":"0"}],"P":[{"s":"XRPUSDT","pa":"322.2","ep":"0.55520","cr":"1.72539001","up":"-0.11388159","mt":"isolated","iw":"35.77708800","ps":"BOTH","ma":"USDT"}],"m":"ORDER"}}

{"e":"ORDER_TRADE_UPDATE","T":1607489015833,"E":1607489015839,"o":{"s":"XRPUSDT","c":"android_Y8OwAY778sHBEEcHbBVD","S":"SELL","o":"MARKET","f":"GTC","q":"999.1","p":"0","ap":"0.55466","sp":"0","x":"TRADE","X":"PARTIALLY_FILLED","i":9923395628,"l":"0.2","z":"676.9","L":"0.5546","n":"0.00000144","N":"BNB","T":1607489015833,"t":91205699,"b":"0","a":"0","m":false,"R":true,"wt":"CONTRACT_PRICE","ot":"MARKET","ps":"BOTH","cp":false,"rp":"-0.00012000","pP":false,"si":0,"ss":0}}

{"e":"ACCOUNT_UPDATE","T":1607489015833,"E":1607489015839,"a":{"B":[{"a":"USDT","wb":"443.58306744","cw":"407.82818744"},{"a":"BNB","wb":"1.12852068","cw":"0"}],"P":[{"s":"XRPUSDT","pa":"322","ep":"0.55520","cr":"1.72527001","up":"-0.11381090","mt":"isolated","iw":"35.75488000","ps":"BOTH","ma":"USDT"}],"m":"ORDER"}}

{"e":"ORDER_TRADE_UPDATE","T":1607489015833,"E":1607489015839,"o":{"s":"XRPUSDT","c":"android_Y8OwAY778sHBEEcHbBVD","S":"SELL","o":"MARKET","f":"GTC","q":"999.1","p":"0","ap":"0.55466","sp":"0","x":"TRADE","X":"PARTIALLY_FILLED","i":9923395628,"l":"0.2","z":"677.1","L":"0.5546","n":"0.00000144","N":"BNB","T":1607489015833,"t":91205700,"b":"0","a":"0","m":false,"R":true,"wt":"CONTRACT_PRICE","ot":"MARKET","ps":"BOTH","cp":false,"rp":"-0.00012000","pP":false,"si":0,"ss":0}}

{"e":"ACCOUNT_UPDATE","T":1607489015833,"E":1607489015839,"a":{"B":[{"a":"USDT","wb":"443.58294744","cw":"407.85027544"},{"a":"BNB","wb":"1.12851924","cw":"0"}],"P":[{"s":"XRPUSDT","pa":"321.8","ep":"0.55520","cr":"1.72515001","up":"-0.11374021","mt":"isolated","iw":"35.73267200","ps":"BOTH","ma":"USDT"}],"m":"ORDER"}}

{"e":"ORDER_TRADE_UPDATE","T":1607489015833,"E":1607489015839,"o":{"s":"XRPUSDT","c":"android_Y8OwAY778sHBEEcHbBVD","S":"SELL","o":"MARKET","f":"GTC","q":"999.1","p":"0","ap":"0.55466","sp":"0","x":"TRADE","X":"PARTIALLY_FILLED","i":9923395628,"l":"0.2","z":"677.3","L":"0.5546","n":"0.00000144","N":"BNB","T":1607489015833,"t":91205701,"b":"0","a":"0","m":false,"R":true,"wt":"CONTRACT_PRICE","ot":"MARKET","ps":"BOTH","cp":false,"rp":"-0.00012000","pP":false,"si":0,"ss":0}}

{"e":"ACCOUNT_UPDATE","T":1607489015833,"E":1607489015839,"a":{"B":[{"a":"USDT","wb":"443.35768744","cw":"443.35768744"},{"a":"BNB","wb":"1.12619606","cw":"0"}],"P":[{"s":"XRPUSDT","pa":"0","ep":"0.00000","cr":"1.49989001","up":"0","mt":"isolated","iw":"0","ps":"BOTH","ma":"USDT"}],"m":"ORDER"}}

{"e":"ORDER_TRADE_UPDATE","T":1607489015833,"E":1607489015839,"o":{"s":"XRPUSDT","c":"android_Y8OwAY778sHBEEcHbBVD","S":"SELL","o":"MARKET","f":"GTC","q":"999.1","p":"0","ap":"0.55461","sp":"0","x":"TRADE","X":"FILLED","i":9923395628,"l":"321.8","z":"999.1","L":"0.5545","n":"0.00232318","N":"BNB","T":1607489015833,"t":91205702,"b":"0","a":"0","m":false,"R":true,"wt":"CONTRACT_PRICE","ot":"MARKET","ps":"BOTH","cp":false,"rp":"-0.22526000","pP":false,"si":0,"ss":0}}
